%YAML 1.1
%TAG !u! tag:unity3d.com,2011:
--- !u!1 &764600745754594945
GameObject:
  m_ObjectHideFlags: 0
  m_CorrespondingSourceObject: {fileID: 0}
  m_PrefabInstance: {fileID: 0}
  m_PrefabAsset: {fileID: 0}
  serializedVersion: 6
  m_Component:
  - component: {fileID: 4144329782013224386}
  m_Layer: 0
  m_Name: load 1
  m_TagString: Untagged
  m_Icon: {fileID: 0}
  m_NavMeshLayer: 0
  m_StaticEditorFlags: 0
  m_IsActive: 1
--- !u!4 &4144329782013224386
Transform:
  m_ObjectHideFlags: 0
  m_CorrespondingSourceObject: {fileID: 0}
  m_PrefabInstance: {fileID: 0}
  m_PrefabAsset: {fileID: 0}
  m_GameObject: {fileID: 764600745754594945}
  m_LocalRotation: {x: 0, y: 0, z: 0, w: 1}
  m_LocalPosition: {x: 0, y: 0, z: 0}
  m_LocalScale: {x: 1, y: 1, z: 1}
  m_Children:
  - {fileID: 1326814081716888781}
  - {fileID: 4246922497585490638}
  - {fileID: 3495550406223487061}
  m_Father: {fileID: 0}
  m_RootOrder: 0
  m_LocalEulerAnglesHint: {x: 0, y: 0, z: 0}
--- !u!1001 &3498560381172413839
PrefabInstance:
  m_ObjectHideFlags: 0
  serializedVersion: 2
  m_Modification:
    m_TransformParent: {fileID: 4144329782013224386}
    m_Modifications:
    - target: {fileID: 1553740818764702, guid: 274eda99c510a1f44a1db8802f60a5bb, type: 3}
      propertyPath: m_Name
      value: Wall
      objectReference: {fileID: 0}
    - target: {fileID: 4453788348126682, guid: 274eda99c510a1f44a1db8802f60a5bb, type: 3}
      propertyPath: m_RootOrder
      value: 2
      objectReference: {fileID: 0}
    - target: {fileID: 4453788348126682, guid: 274eda99c510a1f44a1db8802f60a5bb, type: 3}
      propertyPath: m_LocalScale.z
      value: 1.5171
      objectReference: {fileID: 0}
    - target: {fileID: 4453788348126682, guid: 274eda99c510a1f44a1db8802f60a5bb, type: 3}
      propertyPath: m_LocalPosition.x
      value: -2.31
      objectReference: {fileID: 0}
    - target: {fileID: 4453788348126682, guid: 274eda99c510a1f44a1db8802f60a5bb, type: 3}
      propertyPath: m_LocalPosition.y
      value: 0
      objectReference: {fileID: 0}
    - target: {fileID: 4453788348126682, guid: 274eda99c510a1f44a1db8802f60a5bb, type: 3}
      propertyPath: m_LocalPosition.z
      value: 0
      objectReference: {fileID: 0}
    - target: {fileID: 4453788348126682, guid: 274eda99c510a1f44a1db8802f60a5bb, type: 3}
      propertyPath: m_LocalRotation.w
      value: 1
      objectReference: {fileID: 0}
    - target: {fileID: 4453788348126682, guid: 274eda99c510a1f44a1db8802f60a5bb, type: 3}
      propertyPath: m_LocalRotation.x
      value: -0
      objectReference: {fileID: 0}
    - target: {fileID: 4453788348126682, guid: 274eda99c510a1f44a1db8802f60a5bb, type: 3}
      propertyPath: m_LocalRotation.y
      value: -0
      objectReference: {fileID: 0}
    - target: {fileID: 4453788348126682, guid: 274eda99c510a1f44a1db8802f60a5bb, type: 3}
      propertyPath: m_LocalRotation.z
      value: -0
      objectReference: {fileID: 0}
    - target: {fileID: 4453788348126682, guid: 274eda99c510a1f44a1db8802f60a5bb, type: 3}
      propertyPath: m_LocalEulerAnglesHint.x
      value: 0
      objectReference: {fileID: 0}
    - target: {fileID: 4453788348126682, guid: 274eda99c510a1f44a1db8802f60a5bb, type: 3}
      propertyPath: m_LocalEulerAnglesHint.y
      value: 0
      objectReference: {fileID: 0}
    - target: {fileID: 4453788348126682, guid: 274eda99c510a1f44a1db8802f60a5bb, type: 3}
      propertyPath: m_LocalEulerAnglesHint.z
      value: 0
      objectReference: {fileID: 0}
    m_RemovedComponents: []
  m_SourcePrefab: {fileID: 100100000, guid: 274eda99c510a1f44a1db8802f60a5bb, type: 3}
--- !u!4 &3495550406223487061 stripped
Transform:
  m_CorrespondingSourceObject: {fileID: 4453788348126682, guid: 274eda99c510a1f44a1db8802f60a5bb,
    type: 3}
  m_PrefabInstance: {fileID: 3498560381172413839}
  m_PrefabAsset: {fileID: 0}
--- !u!1001 &4251339983523659540
PrefabInstance:
  m_ObjectHideFlags: 0
  serializedVersion: 2
  m_Modification:
    m_TransformParent: {fileID: 4144329782013224386}
    m_Modifications:
    - target: {fileID: 1553740818764702, guid: 274eda99c510a1f44a1db8802f60a5bb, type: 3}
      propertyPath: m_Name
      value: Wall (1)
      objectReference: {fileID: 0}
    - target: {fileID: 4453788348126682, guid: 274eda99c510a1f44a1db8802f60a5bb, type: 3}
      propertyPath: m_RootOrder
      value: 1
      objectReference: {fileID: 0}
    - target: {fileID: 4453788348126682, guid: 274eda99c510a1f44a1db8802f60a5bb, type: 3}
      propertyPath: m_LocalScale.z
      value: 1.5171
      objectReference: {fileID: 0}
    - target: {fileID: 4453788348126682, guid: 274eda99c510a1f44a1db8802f60a5bb, type: 3}
      propertyPath: m_LocalPosition.x
      value: 2.41
      objectReference: {fileID: 0}
    - target: {fileID: 4453788348126682, guid: 274eda99c510a1f44a1db8802f60a5bb, type: 3}
      propertyPath: m_LocalPosition.y
      value: 0
      objectReference: {fileID: 0}
    - target: {fileID: 4453788348126682, guid: 274eda99c510a1f44a1db8802f60a5bb, type: 3}
      propertyPath: m_LocalPosition.z
      value: 0
      objectReference: {fileID: 0}
    - target: {fileID: 4453788348126682, guid: 274eda99c510a1f44a1db8802f60a5bb, type: 3}
      propertyPath: m_LocalRotation.w
      value: 0
      objectReference: {fileID: 0}
    - target: {fileID: 4453788348126682, guid: 274eda99c510a1f44a1db8802f60a5bb, type: 3}
      propertyPath: m_LocalRotation.x
      value: -0
      objectReference: {fileID: 0}
    - target: {fileID: 4453788348126682, guid: 274eda99c510a1f44a1db8802f60a5bb, type: 3}
      propertyPath: m_LocalRotation.y
      value: 1
      objectReference: {fileID: 0}
    - target: {fileID: 4453788348126682, guid: 274eda99c510a1f44a1db8802f60a5bb, type: 3}
      propertyPath: m_LocalRotation.z
      value: -0
      objectReference: {fileID: 0}
    - target: {fileID: 4453788348126682, guid: 274eda99c510a1f44a1db8802f60a5bb, type: 3}
      propertyPath: m_LocalEulerAnglesHint.x
      value: 0
      objectReference: {fileID: 0}
    - target: {fileID: 4453788348126682, guid: 274eda99c510a1f44a1db8802f60a5bb, type: 3}
      propertyPath: m_LocalEulerAnglesHint.y
      value: 180
      objectReference: {fileID: 0}
    - target: {fileID: 4453788348126682, guid: 274eda99c510a1f44a1db8802f60a5bb, type: 3}
      propertyPath: m_LocalEulerAnglesHint.z
      value: 0
      objectReference: {fileID: 0}
    m_RemovedComponents: []
  m_SourcePrefab: {fileID: 100100000, guid: 274eda99c510a1f44a1db8802f60a5bb, type: 3}
--- !u!4 &4246922497585490638 stripped
Transform:
  m_CorrespondingSourceObject: {fileID: 4453788348126682, guid: 274eda99c510a1f44a1db8802f60a5bb,
    type: 3}
  m_PrefabInstance: {fileID: 4251339983523659540}
  m_PrefabAsset: {fileID: 0}
--- !u!1001 &8855646807954676961
PrefabInstance:
  m_ObjectHideFlags: 0
  serializedVersion: 2
  m_Modification:
    m_TransformParent: {fileID: 4144329782013224386}
    m_Modifications:
    - target: {fileID: 6596085940583501481, guid: e800ac059d45cf34c9dd66424d17518e,
        type: 3}
      propertyPath: m_Name
      value: Floor
      objectReference: {fileID: 0}
    - target: {fileID: 7533494935904679980, guid: e800ac059d45cf34c9dd66424d17518e,
        type: 3}
      propertyPath: m_RootOrder
      value: 0
      objectReference: {fileID: 0}
    - target: {fileID: 7533494935904679980, guid: e800ac059d45cf34c9dd66424d17518e,
        type: 3}
      propertyPath: m_LocalScale.z
      value: 0.50000006
      objectReference: {fileID: 0}
    - target: {fileID: 7533494935904679980, guid: e800ac059d45cf34c9dd66424d17518e,
        type: 3}
      propertyPath: m_LocalPosition.x
      value: 0
      objectReference: {fileID: 0}
    - target: {fileID: 7533494935904679980, guid: e800ac059d45cf34c9dd66424d17518e,
        type: 3}
      propertyPath: m_LocalPosition.y
      value: 0
      objectReference: {fileID: 0}
    - target: {fileID: 7533494935904679980, guid: e800ac059d45cf34c9dd66424d17518e,
        type: 3}
      propertyPath: m_LocalPosition.z
      value: 0
      objectReference: {fileID: 0}
    - target: {fileID: 7533494935904679980, guid: e800ac059d45cf34c9dd66424d17518e,
        type: 3}
      propertyPath: m_LocalRotation.w
      value: 1
      objectReference: {fileID: 0}
    - target: {fileID: 7533494935904679980, guid: e800ac059d45cf34c9dd66424d17518e,
        type: 3}
      propertyPath: m_LocalRotation.x
      value: -0
      objectReference: {fileID: 0}
    - target: {fileID: 7533494935904679980, guid: e800ac059d45cf34c9dd66424d17518e,
        type: 3}
      propertyPath: m_LocalRotation.y
      value: -0
      objectReference: {fileID: 0}
    - target: {fileID: 7533494935904679980, guid: e800ac059d45cf34c9dd66424d17518e,
        type: 3}
      propertyPath: m_LocalRotation.z
      value: -0
      objectReference: {fileID: 0}
    - target: {fileID: 7533494935904679980, guid: e800ac059d45cf34c9dd66424d17518e,
        type: 3}
      propertyPath: m_LocalEulerAnglesHint.x
      value: 0
      objectReference: {fileID: 0}
    - target: {fileID: 7533494935904679980, guid: e800ac059d45cf34c9dd66424d17518e,
        type: 3}
      propertyPath: m_LocalEulerAnglesHint.y
      value: 0
      objectReference: {fileID: 0}
    - target: {fileID: 7533494935904679980, guid: e800ac059d45cf34c9dd66424d17518e,
        type: 3}
      propertyPath: m_LocalEulerAnglesHint.z
      value: 0
      objectReference: {fileID: 0}
    m_RemovedComponents: []
  m_SourcePrefab: {fileID: 100100000, guid: e800ac059d45cf34c9dd66424d17518e, type: 3}
--- !u!4 &1326814081716888781 stripped
Transform:
  m_CorrespondingSourceObject: {fileID: 7533494935904679980, guid: e800ac059d45cf34c9dd66424d17518e,
    type: 3}
  m_PrefabInstance: {fileID: 8855646807954676961}
  m_PrefabAsset: {fileID: 0}
